%
% Thesis - Bibliography
% Jack McLean
% School of Computer Science
% University of St Andrews, Scotland, UK
% 2021
%

% Bibliography

@misc{teams,
  author = {Microsoft},
  title = {Microsoft Teams (1.4.00.11161)},
  url = {https://www.microsoft.com/en-gb/microsoft-teams/group-chat-software},
}

@misc{pauto,
  author = {Microsoft},
  title = {Power Automate (9.1 20111)},
  url = {https://flow.microsoft.com/en-us/connectors/shared\_teams/microsoft-teams/},
}

@article{lists,
  author = {Microsoft},
  title = {Microsoft Lists (Version 2105 (Build 14026.20270))},
  url = {https://www.microsoft.com/en-ww/microsoft-365/microsoft-lists},
}

@article{formaccess,
  author = {Microsoft},
  title = {Accessibility support for Microsoft Forms.},
  url = {https://support.microsoft.com/en-us/office/accessibility-support-for-microsoft-forms-a77e8a20-ce55-4f93-99a2-96bd688b86f3},
}

@article{teamsaccess,
  author = {Microsoft},
  title = {Accessibility support for Microsoft Teams.},
  url = {https://support.microsoft.com/en-us/office/accessibility-support-for-microsoft-teams-d12ee53f-d15f-445e-be8d-f0ba2c5ee68f},
}

@book{shibboleth,
  publisher = {Shibboleth Consortium},
  title = {Shibboleth \gls{sso}},
  url = {https://www.shibboleth.net/},
}

@book{dsdm,
publisher = {DSDM Consortium},
title = {The DSDM Agile Project Framework},
year = {2014},
month = {8},
url = {https://www.agilebusiness.org/page/TheDSDMAgileProjectFramework#}
}